<record><leader>00000cas a22000007a 4500</leader><controlfield tag="001">41334350</controlfield><controlfield tag="008">990510d18951uuumeuuu ne      0    0eng d</controlfield><datafield ind1=" " ind2=" " tag="010"><subfield code="a">sn 99066544 </subfield></datafield><datafield ind1=" " ind2=" " tag="040"><subfield code="a">MBN</subfield><subfield code="b">eng</subfield><subfield code="c">MBN</subfield><subfield code="d">OCLCO</subfield></datafield><datafield ind1=" " ind2=" " tag="042"><subfield code="a">msc</subfield></datafield><datafield ind1="0" ind2="4" tag="245"><subfield code="a">The Piscataquis standard.</subfield></datafield><datafield ind1=" " ind2=" " tag="260"><subfield code="a">Foxcroft, Me. :</subfield><subfield code="b">[s.n.],</subfield></datafield><datafield ind1=" " ind2=" " tag="300"><subfield code="a">v.</subfield></datafield><datafield ind1="0" ind2=" " tag="362"><subfield code="a">Vol. 1, no. 1 (Aug. 16, 1895)-</subfield></datafield><datafield ind1=" " ind2=" " tag="500"><subfield code="a">Editor: Lamont H. Appleby.</subfield></datafield><datafield ind1=" " ind2="0" tag="651"><subfield code="a">Foxcroft (Me.)</subfield><subfield code="v">Newspapers.</subfield></datafield><datafield ind1=" " ind2="0" tag="651"><subfield code="a">Dover-Foxcroft (Me.)</subfield><subfield code="v">Newspapers.</subfield></datafield><datafield ind1=" " ind2=" " tag="752"><subfield code="a">United States</subfield><subfield code="b">Maine</subfield><subfield code="c">Piscataquis</subfield><subfield code="d">Dover-Foxcroft.</subfield></datafield></record>